@inproceedings{siwek2017autoencoder,
  title={Autoencoder versus PCA in face recognition},
  author={Siwek, Krzysztof and Osowski, Stanislaw},
  booktitle={2017 18th International Conference on Computational Problems of Electrical Engineering (CPEE)},
  pages={1--4},
  year={2017},
  organization={IEEE}
}

@inproceedings{taigman2014deepface,
  title={Deepface: Closing the gap to human-level performance in face verification},
  author={Taigman, Yaniv and Yang, Ming and Ranzato, Marc'Aurelio and Wolf, Lior},
  booktitle={Proceedings of the IEEE conference on computer vision and pattern recognition},
  pages={1701--1708},
  year={2014}
}

@misc{serengil2017tensorflow101,
  abstract = {TensorFlow 101: Introduction to Deep Learning for Python Within TensorFlow},
  author={Serengil, Sefik Ilkin},
  title={tensorflow-101},
  url={https://github.com/serengil/tensorflow-101},
  year={2017}
}

@article{turk1991eigenfaces,
  title={Eigenfaces for recognition},
  author={Turk, Matthew and Pentland, Alex},
  journal={Journal of cognitive neuroscience},
  volume={3},
  number={1},
  pages={71--86},
  year={1991},
  publisher={MIT Press}
}

@article{sirovich1987low,
  title={Low-dimensional procedure for the characterization of human faces},
  author={Sirovich, Lawrence and Kirby, Michael},
  journal={Josa a},
  volume={4},
  number={3},
  pages={519--524},
  year={1987},
  publisher={Optical Society of America}
}

@book{brunton2019data,
  title={Data-driven science and engineering: Machine learning, dynamical systems, and control},
  author={Brunton, Steven L and Kutz, J Nathan},
  year={2019},
  publisher={Cambridge University Press}
}

@book{goodfellow2016deep,
  title={Deep learning},
  author={Goodfellow, Ian and Bengio, Yoshua and Courville, Aaron},
  year={2016},
  publisher={MIT press}
}

@book{strang1993introduction,
  title={Introduction to linear algebra},
  author={Strang, Gilbert and Strang, Gilbert and Strang, Gilbert and Strang, Gilbert},
  volume={3},
  year={1993},
  publisher={Wellesley-Cambridge Press Wellesley, MA}
}

@article{yalefaceB,
  author={Georghiades, A.S. and Belhumeur, P.N. and Kriegman, D.J.},
  title={From Few to Many: Illumination Cone Models for Face Recognition under
  Variable Lighting and Pose},
  journal={IEEE Trans. Pattern Anal. Mach. Intelligence},
  year={2001},
  volume={23},
  number={6},
  pages= {643-660}
 }

@article{yalefaceBcropped,
  title={Acquiring linear subspaces for face recognition under variable lighting},
  author={Lee, Kuang-Chih and Ho, Jeffrey and Kriegman, David J},
  journal={IEEE Transactions on pattern analysis and machine intelligence},
  volume={27},
  number={5},
  pages={684--698},
  year={2005},
  publisher={IEEE}
}

@article{opencv_library,
    author = {Bradski, G.},
    citeulike-article-id = {2236121},
    journal = {Dr. Dobb's Journal of Software Tools},
    keywords = {bibtex-import},
    posted-at = {2008-01-15 19:21:54},
    priority = {4},
    title = {{The OpenCV Library}},
    year = {2000}
}

@misc{tensorflow2015-whitepaper,
title={ {TensorFlow}: Large-Scale Machine Learning on Heterogeneous Systems},
url={https://www.tensorflow.org/},
note={Software available from tensorflow.org},
author={
    Mart\'{\i}n~Abadi and
    Ashish~Agarwal and
    Paul~Barham and
    Eugene~Brevdo and
    Zhifeng~Chen and
    Craig~Citro and
    Greg~S.~Corrado and
    Andy~Davis and
    Jeffrey~Dean and
    Matthieu~Devin and
    Sanjay~Ghemawat and
    Ian~Goodfellow and
    Andrew~Harp and
    Geoffrey~Irving and
    Michael~Isard and
    Yangqing Jia and
    Rafal~Jozefowicz and
    Lukasz~Kaiser and
    Manjunath~Kudlur and
    Josh~Levenberg and
    Dandelion~Man\'{e} and
    Rajat~Monga and
    Sherry~Moore and
    Derek~Murray and
    Chris~Olah and
    Mike~Schuster and
    Jonathon~Shlens and
    Benoit~Steiner and
    Ilya~Sutskever and
    Kunal~Talwar and
    Paul~Tucker and
    Vincent~Vanhoucke and
    Vijay~Vasudevan and
    Fernanda~Vi\'{e}gas and
    Oriol~Vinyals and
    Pete~Warden and
    Martin~Wattenberg and
    Martin~Wicke and
    Yuan~Yu and
    Xiaoqiang~Zheng},
  year={2015},
}

@misc{chollet2015keras,
  title={Keras},
  author={Chollet, Fran\c{c}ois and others},
  year={2015},
  howpublished={\url{https://keras.io}},
} 

@ARTICLE{SciPy,
  author = {{Virtanen}, Pauli and {Gommers}, Ralf and {Oliphant},
    Travis E. and {Haberland}, Matt and {Reddy}, Tyler and
    {Cournapeau}, David and {Burovski}, Evgeni and {Peterson}, Pearu
    and {Weckesser}, Warren and {Bright}, Jonathan and {van der Walt},
    St{\'e}fan J.  and {Brett}, Matthew and {Wilson}, Joshua and
    {Jarrod Millman}, K.  and {Mayorov}, Nikolay and {Nelson}, Andrew
    R.~J. and {Jones}, Eric and {Kern}, Robert and {Larson}, Eric and
    {Carey}, CJ and {Polat}, {\.I}lhan and {Feng}, Yu and {Moore},
    Eric W. and {Vand erPlas}, Jake and {Laxalde}, Denis and
    {Perktold}, Josef and {Cimrman}, Robert and {Henriksen}, Ian and
    {Quintero}, E.~A. and {Harris}, Charles R and {Archibald}, Anne M.
    and {Ribeiro}, Ant{\^o}nio H. and {Pedregosa}, Fabian and
    {van Mulbregt}, Paul and {Contributors}, SciPy 1. 0},
  title = "{SciPy 1.0: Fundamental Algorithms for Scientific
              Computing in Python}",
  journal = {Nature Methods},
  year = "2020",
  volume={17},
  pages={261--272},
  adsurl = {https://rdcu.be/b08Wh},
  doi = {https://doi.org/10.1038/s41592-019-0686-2},
}

@ARTICLE{plt,  
  author={J. D. {Hunter}},  
  journal={Computing in Science Engineering},   
  title={Matplotlib: A 2D Graphics Environment},   
  year={2007},
  volume={9},  
  number={3},  
  pages={90-95},
}

@ARTICLE{np,  
  author={S. {van der Walt} and S. C. {Colbert} and G. {Varoquaux}},
  journal={Computing in Science Engineering},   
  title={The NumPy Array: A Structure for Efficient Numerical Computation},
  year={2011}, 
  volume={13},
  number={2},  
  pages={22-30},
}

@article{sk,
  author  = {Fabian Pedregosa and Ga{{\"e}}l Varoquaux and Alexandre Gramfort and Vincent Michel and Bertrand Thirion and Olivier Grisel and Mathieu Blondel and Peter Prettenhofer and Ron Weiss and Vincent Dubourg and Jake Vanderplas and Alexandre Passos and David Cournapeau and Matthieu Brucher and Matthieu Perrot and {{\'E}}douard Duchesnay},
  title   = {Scikit-learn: Machine Learning in Python},
  journal = {Journal of Machine Learning Research},
  year    = {2011},
  volume  = {12},
  number  = {85},
  pages   = {2825-2830},
  url     = {http://jmlr.org/papers/v12/pedregosa11a.html}
}
